@article{Allen_et_al_2011,
  author = {Allen, G. and Coe, H. and Clarke, A. and Bretherton, C. and Wood, R. and Abel, S. J. and Barrett, P. and Brown, P. and George, R. and Freitag, S. and McNaughton, C. and Howell, S. and Shank, L. and Kapustin, V. and Brekhovskikh, V. and Kleinman, L. and Lee, Y.-N. and Springston, S. and Toniazzo, T. and Krejci, R. and Fochesatto, J. and Shaw, G. and Krecl, P. and Brooks, B. and McMeeking, G. and Bower, K. N. and Williams, P. I. and Crosier, J. and Crawford, I. and Connolly, P. and Allan, J. D. and Covert, D. and Bandy, A. R. and Russell, L. M. and Trembath, J. and Bart, M. and McQuaid, J. B. and Wang, J. and Chand, D.},
  year = {2011},
  title = {South East Pacific atmospheric composition and variability sampled along 20Â°S during VOCALS-REx},
  journal = {Atmos. Chem. Phys.},
  volume = {11},
  pages = {5237--5262}
}

@article{Flossmann_and_Wobrock_2010,
  author = {Flossmann, A. I. and W. Wobrock},
  year = {2010},
  title = {A review of our understanding of the aerosol-cloud interaction from the perspective of a bin resolved cloud scale modelling},
  journal = {Atmos. Res.},
  volume = {97},
  pages = {478--497}
}

@article{Jones_et_al_2011,
  author = {Jones, C. R. and C. S. Bretherton and D.Leon},
  year = {2011},
  title = {Coupled vs. decoupled boundary layers in VOCALS-REx},
  journal = {Atmos. Chem. Phys.},
  volume = {11},
  pages = {7143--7153}
}

@article{Stevens_et_al_2005,
  author = {Stevens, Bjorn and Moeng, Chin-Hoh and Ackerman, Andrew S. and Bretherton, Christopher S. and Chlond, Andreas and de Roode, Stephan and Edwards, James and Golaz, Jean-Christophe and Jiang, Hongli and Khairoutdinov, Marat and Kirkpatrick, Michael P. and Lewellen, David C. and Lock, Adrian and M\"uller, Frank and Stevens, David E. and Whelan, Eoin and Zhu, Ping},
  year = {2005},
  title = {Evaluation of Large-Eddy Simulations via observations of nocturnal marine stratocumulus},
  journal = {Mon. Wea. Rev.},
  volume = {133}, 
  pages = {1443--1461}
}

@article{Wood_et_al_2011,
  author = {Wood, R. and C. S. Bretherton and D. Leon and A. D. Clarke and P. Zuidema and G. Allen and H. Coe},
  year = {2011},
  title = {An aircraft case study of the spatial transition from closed to open mesoscale cellular convection over the Southeast Pacific},
  journal = {Atmos. Chem. Phys.},
  volume = {11}, 
  pages = {2341--2370}
}
